@article{brazas2012,
  author = {Michelle D. Brazas and David Yim and Winston Yeung and B. F. Francis Ouellette},
  title = {A decade of web server updates at the bioinformatics links directory: 2003-â€“2012},
  journal = {Nucleic Acids Research},
  year = {2012},
  doi = {10.1093/nar/gks632},
  url = {http://nar.oxfordjournals.org/content/40/W1/W3}
}
